<record><leader>00000cas a2200000 a 4500</leader><controlfield tag="001">52908352</controlfield><controlfield tag="008">030825d193619uunyudn ne      0    0eng c</controlfield><datafield ind1=" " ind2=" " tag="010"><subfield code="a">sn2003060417</subfield></datafield><datafield ind1=" " ind2=" " tag="040"><subfield code="a">NYS</subfield><subfield code="b">eng</subfield><subfield code="c">NYS</subfield><subfield code="d">OCLCQ</subfield><subfield code="d">OCLCF</subfield><subfield code="d">OCLCO</subfield></datafield><datafield ind1="1" ind2=" " tag="029"><subfield code="a">AU@</subfield><subfield code="b">000024885838</subfield></datafield><datafield ind1=" " ind2=" " tag="042"><subfield code="a">pcc</subfield></datafield><datafield ind1=" " ind2=" " tag="043"><subfield code="a">n-us-ny</subfield></datafield><datafield ind1="0" ind2="4" tag="245"><subfield code="a">The press union.</subfield></datafield><datafield ind1=" " ind2=" " tag="260"><subfield code="a">Peekskill, N.Y. :</subfield><subfield code="b">Dunderberg Pub. Co.</subfield></datafield><datafield ind1=" " ind2=" " tag="300"><subfield code="a">v. :</subfield><subfield code="b">ill. ;</subfield><subfield code="c">57 cm.</subfield></datafield><datafield ind1=" " ind2=" " tag="310"><subfield code="a">Daily (except Sat., Sun.)</subfield></datafield><datafield ind1="1" ind2=" " tag="362"><subfield code="a">Began in 1936.</subfield></datafield><datafield ind1=" " ind2=" " tag="500"><subfield code="a">"Published in the interests of a Greater Peekskill."</subfield></datafield><datafield ind1=" " ind2=" " tag="500"><subfield code="a">Timothy F. Walsh, publisher and editor (Nov. 14, 1936).</subfield></datafield><datafield ind1=" " ind2=" " tag="500"><subfield code="a">William A. Orr, publisher and editor (Nov. 18, 1936).</subfield></datafield><datafield ind1=" " ind2=" " tag="500"><subfield code="a">Wilthur Newspapers, Inc., Publisher (Nov. 18, 1936).</subfield></datafield><datafield ind1="4" ind2=" " tag="510"><subfield code="a">Horton, W.T. Pioneers, patriots, and people,</subfield><subfield code="c">162</subfield></datafield><datafield ind1=" " ind2=" " tag="580"><subfield code="a">Continued, after suspension, the Peekskill daily union, per Horton.</subfield></datafield><datafield ind1=" " ind2=" " tag="588"><subfield code="a">Description based on: Vol. 37, no. 112 (Nov. 14, 1936).</subfield></datafield><datafield ind1=" " ind2=" " tag="588"><subfield code="a">Latest issue consulted: Vol. 37, no. 124 (Nov. 30, 1936).</subfield></datafield><datafield ind1=" " ind2="0" tag="651"><subfield code="a">Peekskill (N.Y.)</subfield><subfield code="v">Newspapers.</subfield></datafield><datafield ind1=" " ind2="0" tag="651"><subfield code="a">Westchester County (N.Y.)</subfield><subfield code="v">Newspapers.</subfield></datafield><datafield ind1=" " ind2="7" tag="655"><subfield code="a">Newspapers.</subfield><subfield code="2">fast</subfield><subfield code="0">(OCoLC)fst01423814</subfield></datafield><datafield ind1=" " ind2="7" tag="651"><subfield code="a">New York (State)</subfield><subfield code="z">Peekskill.</subfield><subfield code="2">fast</subfield><subfield code="0">(OCoLC)fst01209452</subfield></datafield><datafield ind1=" " ind2="7" tag="651"><subfield code="a">New York (State)</subfield><subfield code="z">Westchester County.</subfield><subfield code="2">fast</subfield><subfield code="0">(OCoLC)fst01202684</subfield></datafield><datafield ind1=" " ind2=" " tag="752"><subfield code="a">United States</subfield><subfield code="b">New York</subfield><subfield code="c">Westchester</subfield><subfield code="d">Peekskill.</subfield></datafield><datafield ind1="1" ind2=" " tag="787"><subfield code="t">Peekskill daily union</subfield><subfield code="w">(DLC)sn 83031513</subfield><subfield code="w">(OCoLC)9892347</subfield></datafield></record>